<?xml version="1.0" encoding="UTF-8"?><record xmlns="http://www.loc.gov/MARC21/slim" xmlns:cinclude="http://apache.org/cocoon/include/1.0" xmlns:zs="http://www.loc.gov/zing/srw/">
  <leader>00457cz  a2200121n  4500</leader>
  <controlfield tag="001">n 2011060258</controlfield>
  <controlfield tag="003">DLC</controlfield>
  <controlfield tag="005">20110902074907.0</controlfield>
  <controlfield tag="008">110901n| acannaabn          |n ana      </controlfield>
  <datafield tag="010" ind1=" " ind2=" ">
    <subfield code="a">n 2011060258</subfield>
  </datafield>
  <datafield tag="040" ind1=" " ind2=" ">
    <subfield code="a">DLC</subfield>
    <subfield code="b">eng</subfield>
    <subfield code="c">DLC</subfield>
  </datafield>
  <datafield tag="110" ind1="1" ind2=" ">
    <subfield code="a">Cittanova (Italy).</subfield>
    <subfield code="t">Laws, etc. (Compendio delle leggi del comune di Cittanova dal 1481 al 1794)</subfield>
  </datafield>
  <datafield tag="670" ind1=" " ind2=" ">
    <subfield code="a">SazĚeci propisa Novogradske opcĚine, 1481-1794 = Compendio delle leggi del comune di Cittanova dal 1481 al 1794, 2010.</subfield>
  </datafield>
</record>